@article{buringh2009charting,
  title={Charting the ``Rise of the West'': Manuscripts and Printed Books in Europe, a long-term Perspective from the Sixth through Eighteenth Centuries},
  author={Buringh, Eltjo and Van Zanden, Jan Luiten},
  journal={The Journal of Economic History},
  volume={69},
  number={02},
  pages={409--445},
  year={2009},
  publisher={Cambridge Univ Press}
}

@article{ericsson2006influence,
  title={The influence of experience and deliberate practice on the development of superior expert performance},
  author={Ericsson, K Anders and others},
  journal={The Cambridge handbook of expertise and expert performance},
  pages={683--703},
  year={2006}
}

@article{simon1971designing,
  title={Designing organizations for an information-rich world},
  author={Simon, Herbert A},
  journal={Computers, communications, and the public interest},
  volume={72},
  pages={37},
  year={1971},
  publisher={Johns Hopkins Press, Baltimore, MD}
}

@article{winterton2012charismatic,
  title={A charismatic new species of green lacewing discovered in Malaysia (Neuroptera, Chrysopidae): the confluence of citizen scientist, online image database and cybertaxonomy.},
  author={Winterton, Shaun L and Guek, Hock Ping and Brooks, Stephen J},
  journal={ZooKeys},
  volume={214},
  year={2012}
  }
  